@inproceedings{Mai+09,
 author = {Mairal, Julien and Bach, Francis and Ponce, Jean and Sapiro, Guillermo},
 title = {Online Dictionary Learning for Sparse Coding},
 booktitle = {Proceedings of the 26th Annual International Conference on Machine Learning},
 series = {ICML '09},
 year = {2009},
 isbn = {978-1-60558-516-1},
 location = {Montreal, Quebec, Canada},
 pages = {689--696},
 numpages = {8},
 url = {http://doi.acm.org/10.1145/1553374.1553463},
 doi = {10.1145/1553374.1553463},
 acmid = {1553463},
 publisher = {ACM},
 address = {New York, NY, USA},
} 

@article{Tibs96,
 ISSN = {00359246},
 URL = {http://www.jstor.org/stable/2346178},
 author = {Robert Tibshirani},
 journal = {Journal of the Royal Statistical Society. Series B (Methodological)},
 number = {1},
 pages = {267--288},
 publisher = {[Royal Statistical Society, Wiley]},
 title = {Regression Shrinkage and Selection via the Lasso},
 volume = {58},
 year = {1996}
}

@article{efron04,
author = "Efron, Bradley and Hastie, Trevor and Johnstone, Iain and Tibshirani, Robert",
doi = "10.1214/009053604000000067",
fjournal = "The Annals of Statistics",
journal = "Ann. Statist.",
month = "04",
number = "2",
pages = "407--499",
publisher = "The Institute of Mathematical Statistics",
title = "Least angle regression",
url = "https://doi.org/10.1214/009053604000000067",
volume = "32",
year = "2004"
}

@ARTICLE{Tillman15, 
author={A. M. Tillmann}, 
journal={IEEE Signal Processing Letters}, 
title={On the Computational Intractability of Exact and Approximate Dictionary Learning}, 
year={2015}, 
volume={22}, 
number={1}, 
pages={45-49}, 
keywords={approximation theory;compressed sensing;computational complexity;dictionaries;iterative methods;learning (artificial intelligence);optimisation;signal classification;signal reconstruction;signal representation;vectors;computational intractability;sparse signal vector coding;signal vector reconstruction;data set training;sparse signal representation;signal processing application;approximate dictionary learning algorithm;NP-hard sparse recovery problem;iteration method;sensor permutation problem;compressed sensing;signal classification;Dictionaries;Approximation methods;Signal processing algorithms;Approximation algorithms;Complexity theory;Sparse matrices;Optimization;Compressed sensing;computational complexity;(SAS-MALN, MLSAS-SPARSE) machine learning}, 
doi={10.1109/LSP.2014.2345761}, 
ISSN={1070-9908}, 
month={Jan},}